<?xml version="1.0" encoding="UTF-8"?><collection xmlns="http://www.loc.gov/MARC21/slim"><record><leader>00622nam--2200181-i-4500</leader><controlfield tag="001">000010934</controlfield><controlfield tag="002">20161230</controlfield><controlfield tag="005">20161230201029</controlfield><controlfield tag="008">060222s1000------------r-----000-0-fre-d</controlfield><datafield ind1=" " ind2=" " tag="040"><subfield code="a">IFIN-HH</subfield></datafield><datafield ind1=" " ind2=" " tag="041"><subfield code="a">fre</subfield></datafield><datafield ind1=" " ind2=" " tag="080"><subfield code="a">535.37(043)</subfield></datafield><datafield ind1="1" ind2=" " tag="100"><subfield code="a">Debard, Jean-pierre</subfield></datafield><datafield ind1="1" ind2="0" tag="245"><subfield code="a">Intensite de fluorescence x de metaux de trans ition a l`etat pulverulent dans la cellulose; etude et correction de l`effet de matrice par la diffusion. compton et rayleigh</subfield><subfield code="b">These</subfield><subfield code="c">Jean-pierre debard</subfield></datafield><datafield ind1=" " ind2=" " tag="260"><subfield code="a">Lyon</subfield><subfield code="b">L`Universite Claude Bernard</subfield><subfield code="c">1972</subfield></datafield><datafield ind1=" " ind2=" " tag="300"><subfield code="a">V + 73 P</subfield></datafield><datafield ind1=" " ind2=" " tag="852"><subfield code="a">40485</subfield><subfield code="c">535.37</subfield></datafield><datafield ind1=" " ind2=" " tag="CAT"><subfield code="a">Sys</subfield><subfield code="c">20110426</subfield><subfield code="h">120256</subfield></datafield></record></collection>